@STRING{acmm	= {Proceedings of ACM Multimedia} }
@STRING{globe	= {Proceedings of GLOBECOM} }
@STRING{icdcs	= {Proceedings of International Conference on Distributed
		  Computing Systems} }
@STRING{icnp	= {Proceedings of IEEE International Conference on Network
		  Protocols (ICNP)} }
@STRING{info	= {Proceedings of IEEE INFOCOM} }
@STRING{infom	= {Proc. of IEEE INFOCOM Mini-Conference} }
@STRING{iptps	= {Proceedings of International Workshop on Peer-to-Peer
		  Systems} }
@STRING{itm	= {IEEE Transactions on Multimedia} }
@STRING{itn	= {IEEE/ACM Transactions on Networking} }
@STRING{jsac	= {IEEE Journal on Selected Areas in Communications} }
@STRING{networking={Proceedings of IFIP Networking} }
@STRING{sig	= {Proceedings of ACM SIGCOMM} }
@STRING{sigm	= {ACM SIGMETRICS} }
@STRING{mmsys	= {ACM Multimedia Systems } }

@inproceedings {mptcp,
	title = {How Hard Can It Be? Designing and Implementing a Deployable Multipath TCP},
	author = {Costin Raiciu and Christoph Paasch and Sebastien Barre and Alan Ford and Michio Honda and Fabien Duchene and Olivier Bonaventure and Mark Handley},
	year = {2012},
	booktitle = {NSDI},
}


@inproceedings{chen01,
 author = {Chen, Yung-Chih and Lim, Yeon-sup and Gibbens, Richard J. and Nahum, Erich M. and Khalili, Ramin and Towsley, Don},
 title = {A Measurement-based Study of MultiPath TCP Performance over Wireless Networks},
 booktitle = {IMC},
 year = {2013},
}

@article{chen02,
  title={Characterizing 4G and 3G networks: Supporting mobility with multipath TCP},
  author={Chen, Yung-Chih and Towsley, Don and Nahum, Erich M and Gibbens, Richard J and Lim, Yeon-sup},
  journal={School of Computer Science, University of Massachusetts Amherst, Tech. Rep},
  volume={22},
  year={2012}
}

@inproceedings {BRBH10,
	title = {Experimenting with Multipath TCP},
	author = {Sebastien Barre and Costin Raiciu and Olivier Bonaventure and Mark Handley},
	year = {2010},
	month = {September},
	booktitle = {SIGCOMM 2010 Demo},
}

@inproceedings {PKB13,
	title = {On the Benefits of Applying Experimental Design to Improve Multipath TCP},
	author = {Christoph Paasch and Ramin Khalili and Olivier Bonaventure},	
	year = {2013},
	booktitle = {CoNEXT},
}


@article {DPLMAB13,
	title = {Revisiting Flow-Based Load Balancing: Stateless Path Selection in Data Center Networks},
	author = {Gregory Detal and Christoph Paasch and Simon van der Linden and Pascal Merindol and Gildas Avoine and Olivier Bonaventure},
	journal = {Computer Networks},
	year = {2013},
	volume = {57},
	number = {5},
	month = {April},	
}


@inproceedings {PDDRB12,
	title = {Exploring Mobile/WiFi Handover with Multipath TCP},
	author = {Christoph Paasch and Gregory Detal and Fabien Duchene and Costin Raiciu and Olivier Bonaventure},
	year = {2012},
	booktitle = {Cellnet},
}

@inproceedings {PFAB14,
	title = {Experimental Evaluation of Multipath TCP Schedulers},
	author = {Christoph Paasch and Simone Ferlin and Ozgu Alay and Olivier Bonaventure},
	publisher = {ACM},
	year = {2014},
	booktitle = {ACM SIGCOMM Capacity Sharing Workshop (CSWS)},
}


@inproceedings{cao01,
 author = {Yu Cao and Mingwei Xu and Xiaoming Fu},
 title = {Delay-based Congestion Control for Multipath TCP},
 booktitle = {ICNP},
 year = {2012},
}

@inproceedings{vegas,
 author = {Brakmo, Lawrence S. and O'Malley, Sean W. and Peterson, Larry L.},
 title = {TCP Vegas: New Techniques for Congestion Detection and Avoidance},
 booktitle = {SIGCOMM},
 year = {1994},
}


@article{key01,
 author = {Key, Peter and Massouli{\'e}, Laurent and Towsley, Don},
 title = {Path Selection and Multipath Congestion Control},
 journal = {Commun. ACM},
 issue_date = {January 2011},
 volume = {54},
 number = {1},
 month = jan,
 year = {2011},
}

@INPROCEEDINGS{dong01,
author={Yu Dong and Dingding Wang and Pissinou, N. and Jian Wang},
booktitle={Next Generation Internet Networks, 3rd EuroNGI Conference on},
title={Multi-Path Load Balancing in Transport Layer},
year={2007},
month={May},
}


@rfc{ecmp,
 author = {Thaler, D. and Hopps, C.},
 title = {Multipath Issues in Unicast and Multicast Next-Hop Selection},
 year = {2000},
 publisher = {RFC Editor},
 address = {RFC 2991},
}


@rfc{sctp,
 author = {L, Ong and Ciena, Corporation and J, Yoakum},
 title = {An Introduction to the Stream Control Transmission Protocol (SCTP)},
 year = {2002},
 publisher = {RFC Editor},
 address = {RFC 3286},
}

@INPROCEEDINGS{joe01,
author={Inwhee Joe and Sijia Yan},
booktitle={INC, IMS and IDC, 2009. NCM '09. Fifth International Joint Conference on},
title={SCTP Throughput Improvement with Best Load Sharing Based on Multihoming},
year={2009},
month={Aug},
}

@inproceedings{hsieh01,
 author = {Hsieh, Hung-Yun and Sivakumar, Raghupathy},
 title = {A Transport Layer Approach for Achieving Aggregate Bandwidths on Multi-homed Mobile Hosts},
 booktitle = {MobiCom},
 year = {2002},
}

@INPROCEEDINGS{luiz01,
author={Magalhaes, Luiz and Kravets, R.},
booktitle={Network Protocols, 2001. Ninth International Conference on},
title={Transport level mechanisms for bandwidth aggregation on mobile hosts},
year={2001},
month={Nov},
}

@article{SVR_Paper,
 author = {Smola, Alex J. and Sch\"{o}lkopf, Bernhard},
 title = {A tutorial on support vector regression},
 journal = {Statistics and Computing},
 issue_date = {August 2004},
 volume = {14},
 number = {3},
 month = aug,
 year = {2004},
 pages = {199--222},
}



@Misc{pid,
  author	= {PID-Controller},
  title		= {{PID-Controller Introduction}},
  note	= "\url{http://en.wikipedia.org/wiki/PID_controller}"
}


@Misc{pathload,
  author	= {Constantine Dovrolis and Manish Jain and Ravi Prasad},
  title		= {{Measurement tools for the capacity and load of Internet paths}},
  note	= "\url{http://www.cc.gatech.edu/fac/Constantinos.Dovrolis/bw-est/}"
}

@Misc{apple,
  author	= {Apple},
  title		= {{Apple}},
  note	= "\url{http://www.apple.com/}"
}

@Misc{skype,
  author	= {Skype},
  title		= {{Skype}},
  note	= "\url{http://www.skype.com/}"
}

@Misc{emulab,
  author	= {Emulab-Team},
  title		= {{Emulab - Network Emulation Testbed Home}},
  note	= "\url{http://www.emulab.net/}"
}

@Misc{smoothstreaming,
  author	= {Microsoft},
  title		= {{IIS Smooth Streaming}},
  note	= "\url{http://www.iis.net/download/SmoothStreaming}"
}

@Misc{OSMF,
  author	= {Adobe},
  title		= {{Open Source Media Framework}},
  note	= "\url{http://www.osmf.org/}"
}


@book{KuroseRoss2012,
 author = {Kurose, James F. and Ross, Keith},
 title = {Computer Networking: A Top-Down Approach Featuring the Internet},
 year = {2012},
 edition = {sixth},
 publisher = {Addison-Wesley},
}

@InProceedings{vijay01,
author="Vijay Kumar Adhikari and Yang Guo and Fang Hao and Matteo Varvello and Volker Hilt and Moritz Steiner and Zhi-Li Zhang",
title="Unreeling Netflix: Understanding and Improving Multi-CDN Movie Delivery",
booktitle = info,
year = {2012}
}

@InProceedings{saamer01,
author="Saamer Akhshabi and Ali C. Begen and Constantine Dovrolis",
title="An Experimental Evaluation of Rate-Adaptation Algorithms in Adaptive Streaming over HTTP",
booktitle=mmsys,
year={2011}
}

@InProceedings{mariyam01,
author="Mariyam Mirza and Joel Sommers and Paul Barford and Xiaojin Zhu",
title="A Machine Learning Approach to TCP Throughput Prediction",
booktitle=sigm,
year={2007}
}

@InProceedings{dobrian01,
author="Florin Dobrian, Asad Awan,Dilip Joseph,Aditya Ganjam,Jibin Zhan,Vyas Sekar,Ion Stoica and Hui Zhang",
title="Understanding the Impact of Video Quality on User Engagement",
booktitle=sigm,
year={2007}
}

@InProceedings{he01,
author="Qi He and Constantine Dovrolis and Mostafa Ammar",
title="On the predictability of large transfer TCP throughput",
booktitle=sig,
year={2005}
}

@InProceedings{liu01,
author="Chenghao Liu and Imed Bouazizi and Moncef Gabbouj",
title="Rate Adaptation for Adaptive HTTP Streaming",
booktitle=mmsys,
year= {2011}
}

@InProceedings{cicco01,
author="L. De Cicco, S. Mascolo and V. Palmisano",
title="Feedback Control for Adaptive Live Video Streaming",
booktitle=mmsys,
year={2011}
}

@TechReport{mark01,
author="Mark Watson",
title={HTTP Adaptive Streaming in practice},
institution	= "Netflix",
booktitle=mmsys,
year={2011}
}

@TechReport{nello01,
author="Nello Cristianini and John Shawe-Taylor",
title={An introduction to Support Vector Machines and Other Kernel-based Learning Methods}
}

@InProceedings{houdaille01,
title={Shaping HTTP adaptive streams for a better user experience},
author="R. Houdaille, S. Gouache",
booktitle=mmsys,
year={2012}
}

@InProceedings{mok01,
title={QDASH: A QoE-aware DASH system},
author={R. Mok, X. Luo, E. Chan and R. Chang},
booktitle=mmsys,
year={2012}
}

@InProceedings{lederer01,
title={Dynamic Adaptive Streaming over HTTP Dataset},
author={S. Lederer, C. Mé»®ler and C. Timmerer},
booktitle=mmsys,
year={2012}
}

@InProceedings{havey01,
title={Receiver Driven Rate Adaptation},
author={D. Havey and R. Chertov and K. Almeroth},
booktitle=mmsys,
year={2012}
}

@InProceedings{xiang01,
title={Adaptive Scalable Video Streaming in Wireless Networks},
author={S. Xiang and L. Cai and J. Pan},
booktitle=mmsys,
year={2012}
}

@InProceedings{andelin01,
title={Quality Selection for Dynamic Adaptive Streaming over HTTP with Scalable Video Coding},
author={T Andelin, V Chetty, D Harbaugh and S Warnick},
booktitle=mmsys,
year={2012}
}

@InProceedings{plissonneau01,
title={A Longitudinal View of HTTP Video Streaming Performance },
author={L. Plissonneau and E. Biersack},
booktitle=mmsys,
year={2012}
}

@InProceedings{seo01,
title={Efficient Video Uploading from Mobile Devices in Support of HTTP Streaming},
author={B. Seo, W Cui and R. Zimmermann},
booktitle=mmsys,
year={2012}
}

@InProceedings{riiser01,
title={A Comparison of Quality Scheduling in Commercial Adaptive HTTP Streaming Solutions on a 3G Network},
author={Haakon Riiser, Hakon Schad Bergsaker and Paul Vigmostad},
booktitle=mmsys,
year={2012}
}

@InProceedings{mueller01,
title={An Evaluation of Dynamic Adaptive Streaming over HTTP in Vehicular Environments},
author={Christopher Mueller, Stefan Lederer and Christian Timmerer},
booktitle=mmsys,
year={2012}
}

@INPROCEEDINGS{Jain02pathload:a,
    author = {Manish Jain and Constantinos Dovrolis},
    title = {Pathload: A Measurement Tool for End-to-End Available Bandwidth},
    booktitle = {In Proceedings of Passive and Active Measurements (PAM) Workshop},
    year = {2002},
    pages = {14--25}
}

@INPROCEEDINGS{Strauss03ameasurement,
    author = {Jacob Strauss and Dina Katabi and Frans Kaashoek},
    title = {A Measurement Study of Available Bandwidth Estimation Tools},
    booktitle = {In IMC},
    year = {2003},
    pages = {39--44}
}
